<?xml version="1.0" encoding="UTF-8"?><collection xmlns="http://www.loc.gov/MARC21/slim"><record><leader>00337nam--2200121-i-4500</leader><controlfield tag="001">000045010</controlfield><controlfield tag="002">20161230</controlfield><controlfield tag="005">20161230201044</controlfield><controlfield tag="008">060222s1000------------r-----000-0-eng-d</controlfield><datafield ind1=" " ind2=" " tag="080"><subfield code="a">001.818(520):061.62:621.039(047.)</subfield></datafield><datafield ind1=" " ind2=" " tag="245"><subfield code="a">Tokai works semi-annual progress report</subfield></datafield><datafield ind1=" " ind2=" " tag="260"><subfield code="a">Tokai, Power Reactor And Nuclear Fuel, 1978</subfield></datafield><datafield ind1=" " ind2=" " tag="852"><subfield code="a">38768</subfield></datafield></record></collection>